@ARTICLE{RecentCRANProg,
  author="Chih-Lin I, Jinri Huang, Ran Ruan, Chunfeng Cui, Jesse (XIAOGEN) Jiang and Lei Li",
  title="Recent Progress on {C-RAN} Centralization and Cloudification",
  journal="{IEEE} Access .\ Special section on recent advances in cloud radio access",
  month  ="August 22.",
  year   =2014
  }
@ARTICLE{CoMP,
  author="{CMCC}",
  title="Simulation Results for CoMP Phase I. Evaluation in Homogenous Network",
  journal="document R1-111301, 3GPP TSG-RAN WG1 {\#}65 Barcelona, Spain",
  month  ="May 11.",
  year   =2011
  }
  
@ARTICLE{NFV,
  author="{ETSI NFV ISG.}",
  title="Network Functions Virtualisation",
  month  ="Dec.",
  note="[Online]. Available: http://portal.etsi.org/portal/server.pt/community/NFV/367",
  year   =2012
  }
@ARTICLE{Architecture,
  author="Yihenew Dagne Beyene, Riku Jänti, and Kalle Ruttik,",
  title="Cloud-{RAN} Architecture for Indoor {DAS}",
  journal="{IEEE} Access .\ Special section on recent advances in cloud radio access",
  month  ="September 9.,
  year   =2014
  }

@ARTICLE{ImplementationIssues,
  author="Navid Nikaein, Raymond Knoop, Lionel Gauthier, Eryk Schiller, Torsten Braun, Dominique Pichon, Christian Bonett, Florian Kaltenberger, and Dominique Nussbaum",
  title="Demo - Closer to {C}loud- {RAN}: {RAN} as a Service",
  journal="{EUROFM} Communication Systems Department, France, Paris",
  month  ="September",
  year   =2015
  }

@MISC{BenefitsFujitsu,
  author="Fujitsu Network Communications Inc.",
  title="The Benefits of {C}loud-{RAN} Architecture in Mobile Network Expansion",
  howpublished="\url{us.fujitsu.com/telecom}",
  note="2801 Telecom Parkway, Richardson, Texas 75082-3515, "journal="{EUROFM} Communication Systems Department, France, Paris. August 12. 2014",
  }

@MISC{BenefitsEricsson,
  author="Ericsson AB",
  title="Cloud {RAN} - The Benefits of Virtualization, Centralization and Coordination",
  howpublished="\url{https://www.ericsson.com/res/docs/whitepapers/wp-cloud-ran.pdf}",
  note="September 2015",
  }
@ARTICLE{TechOverview,
  author="Aleksandra Checko, Henrik L. Christiansen, Ying Yan, Lara Scolari, Georgios Kardaras, Michael S. Berger and Lars Dittmann",
  title="Demo - Closer to {C}loud- {RAN}: {RAN} as a Service",
  journal="{IEEE} Communication Surveys \& Tutorials, accepted for publication",
  howpublished="\url{http://dx.doi.org/10.1109/COMST.2014.2355255}",
  year   =2014,
  }
@MISC{NokiaSingle,
  author="NOKIA",
  title="Single {RAN} Advanced Evolution: The future just got simplier",
  howpublished="\url{https://tools.ext.nokia.com/asset/200245}",
  note="June 2015",
  }

@ARTICLE{ImplementingGPP,
  author="Jussi Kerttula, Nicolas Malm, Kalle Ruttik, Riku Jäntti and Olav Tirkkonen",
  title="Implementing TD-LTE as Software Defined Radio in General Purpose Processor",
  journal="Proceedings of the 2014 ACM workshop on Software radio implementation forum Pages 61-68",
  address="Department of Communications and Networking School of Electrical Engineering Aalto Unversity, Finland"
  howpublished="\url{http://dx.doi.org/10.1145/2627788.2627793}",
  note="August 17-22. 2014"
  }

@ARTICLE{FutureCarrier,
  author="Xavier Costa-Pérez and Joerg Swetina, Tao Guo, Rajesh Mahindra, Sampath Rangarajan",
  title="Radio Access Network Virtualization for Future Mobile Carrier Networks",
  journal="{IEEE} Communication Magazine",
  note="July 2013"
  }
@ARTICLE{WirelessFull,
  author="Chengchao Liang and F. Richard Yu",
  title="Wireless Network Virtualization: A Survey, Some Research Issues and Challenges",
  howpublished="\url{ieeexplore.ieee.org/document/6887287}",
  journal="{IEEE} Communication Society",
  note="28. August 2014"
  }