@MISC{TDoneWeb,
  author="Hajnal Máté",
  title="Gantt Diagramm alkalmazás honlap",
  howpublished="\url{http://hajnalmt.github.io/Things_done/}",
  note="2016 December 16"
  }

@MISC{TDoneRepo,
  author="Hajnal Máté",
  title="Gantt diagramm alkalmazás repository folder",
  howpublished="\url{https://github.com/hajnalmt/Things_done/tree/master/BME/Onlab_1f}",
  note="2016 December 16"
  }

@MISC{MsProject,
	author="Wikipédia",
  title="Microsoft {P}roject",
  howpublished="\url{https://hu.wikipedia.org/wiki/Microsoft_Project}",
  note="2016 December 16"
}

@MISC{GanttChart,
  author="Wikipédia",
  title="Gantt chart",
  howpublished="\url{https://en.wikipedia.org/wiki/Gantt_chart}",
  note="2016 December 16"
}

@MISC{GanttPro,
  author="GanttPro",
  title="Online Gantt Chart software",
  howpublished="\url{https://app.ganttpro.com/#!/app/home}",
  note="2016 December 16"
}

@MISC{Typescript,
  author="Typescript",
  title="Dokumentáció",
  howpublished="\url{https://www.typescriptlang.org/docs/tutorial.html}",
  note="2016 December 16"
}

@MISC{KonvaJS,
  author="KonvaJS",
  title="Dokumentáció",
  howpublished="\url{http://konvajs.github.io/}",
  note="2016 December 16"
}

@MISC{CPM,
  author="Wikipédia",
  title="{C}ritical {P}ath {M}ethod",
  howpublished="\url{https://en.wikipedia.org/wiki/Critical_path_method}",
  note="2016 December 16"
}

@MISC{LST,
  author="Wikipédia",
  title="{L}east {S}lack {T}ime scheduling",
  howpublished="\url{https://en.wikipedia.org/wiki/Least_slack_time_scheduling}",
  note="2015 December 16"
}