@BOOK{Wettl04,
  author="Ferenc Wettl and Gyula Mayer and Péter Szabó",
  title="\LaTeX~kézikönyv",
  publisher="Panem Könyvkiadó",
  year=2004
}

@MISC{DipPortal,
	author="Budapesti {M}űszaki és {G}azdaságtudományi {E}gyetem {V}illamosmérnöki és {I}nformatikai {K}ar",
  title="{D}iplomaterv portál (2011 február 26.)",
  howpublished="\url{http://diplomaterv.vik.bme.hu/}",
}
@MISC{GolyaBal,
	author="Szedmák Bálint and Hajnal Máté",
  title="{BME VIK} és {ELTE PPK} Gólyabál pályázat",
  howpublished="\url{https://drive.google.com/file/d/0B_c8WhuA6Nq1WnJtb1U0UFhFQkk/view?usp=sharing}",
}
